@book{CloudBook,
title={Distributed and Cloud Computing: From Parallel Processing to the Internet of Things},
author={Hwang, K. and Fox, G.C. and Dongarra, J.J.},
series={Morgan Kaufmann},
year={2012},
publisher={Morgan Kaufmann}
}

@book{marinescu,
title={Cloud Computing: Theory and Practice},
author={Marinescu, D.C.},
isbn={9780128128114},
url={https://books.google.it/books?id=O9smDwAAQBAJ},
year={2017},
publisher={Elsevier Science}
}

@article{ScientificCloud,
author={B. {Peterson} and G. {Baumgartner} and Q. {Wang}},
booktitle={2015 IEEE 8th International Conference on Cloud Computing},
title={A Hybrid Cloud Framework for Scientific Computing},
journal = "2015 IEEE 8th International Conference on Cloud Computing",
year={2015},
volume={},
number={},
pages={373-380}}

@article{MultiCloud,
title = "Multi-cloud Platform-as-a-service Model, Functionalities and Approaches",
journal = "Procedia Computer Science",
volume = "97",
pages = "63 - 72",
year = "2016",
note = "2nd International Conference on Cloud Forward: From Distributed to Complete Computing",
author = "Ana Juan Ferrer and David García Pérez and Román Sosa González"
}

@book{ServerlessBook,
author = {Stigler, Maddie},
year = {2018},
month = {01},
pages = {},
title = {Beginning Serverless Computing: Developing with Amazon Web Services, Microsoft Azure, and Google Cloud},
publisher={Apress}
}

@article{ServerlessBerkley,
author = {Jonas, Eric and Schleier-Smith, Johann and Sreekanti, Vikram and Tsai, Chia-Che and Khandelwal, Anurag and Pu, Qifan and Shankar, Vaishaal and Carreira, Joao and Krauth, Karl and Yadwadkar, Neeraja and Gonzalez, Joseph and Popa, Raluca and Stoica, Ion and Patterson, David},
year = {2019},
month = {02},
pages = {},
title = {Cloud Programming Simplified: A Berkeley View on Serverless Computing},
journal={ArXiv}
}

@article{ISISLab,
author = {Cordasco, Gennaro and D'Auria, Matteo and Negro, Alberto and Scarano, Vittorio and Spagnuolo, Carmine},
title = {Toward a domain-specific language for scientific workflow-based applications on multicloud system},
journal = {Concurrency and Computation: Practice and Experience},
year={2020}}

@article{MixedMethod,
title = "A mixed-method empirical study of Function-as-a-Service software development in industrial practice",
journal = "Journal of Systems and Software",
year = "2019",
author = "Philipp Leitner and Erik Wittern and Josef Spillner and Waldemar Hummer"
}

@article{MultiCloud2,
author = {Petcu, Dana},
year = {2013},
month = {04},
pages = {1-6},
title = {Multi-Cloud: expectations and current approaches},
journal = {MultiCloud 2013 - Proceedings of the International Workshop on Multi-Cloud Applications and Federated Clouds}
}

@online{ForbesMultiCloud,
title = "How to overcome the challanges of Gaining multi-cloud interoperability",
url  = "https://www.forbes.com/sites/forbestechcouncil/2018/10/25/how-to-overcome-the-challenges-of-gaining-multi-cloud-interoperability",
author = "Ruslan Synytsky"
}

@online{ServerlessSite,
title = "Serverless Framework",
url  = "https://www.serverless.com"
}

@online{OpenStack,
title = "OpenStack",
url  = "https://www.openstack.org"
}

@article{MELODIC,
title={MELODIC: Utility Based Cross Cloud Deployment Optimisation},
author={Geir Horn and Pawel Skrzypek},
journal={2018 32nd International Conference (WAINA)},
year={2018}
}

@article{MODAClouds,
author={D. Ardagna and E. Di Nitto and P. Mohagheghi and S. Mosser and C. Ballagny and F. D'Andria and G. Casale and P. Matthews and C. Nechifor and D. Petcu and A. Gericke and C. Sheridan},
journal={2012 4th International Workshop on Modeling in Software Engineering (MISE)},
title={MODAClouds: A model-driven approach for the design and execution of applications on multiple Clouds},
year={2012}}

@article{TOSCAServerless,
author={M. Wurster and U. Breitenbücher and K. Képes and F. Leymann and V. Yussupov},
journal={2018 IEEE 11th Conference on Service-Oriented Computing and Applications (SOCA)},
title={Modeling and Automated Deployment of Serverless Applications Using TOSCA},
year={2018}}

@online{TOSCASite,
title = "TOSCA",
url  = "https://www.oasis-open.org/committees/tc_home.php?wg_abbrev=tosca"
}

@article{DistributedFaas,
author = {Vasconcelos, Adbys and Vieira, Lucas and Batista, Ítalo and Silva, Rodolfo and Brasileiro, Francisco},
year = {2019},
title = {DistributedFaaS: Execution of Containerized Serverless Applications in Multi-Cloud Infrastructures}
}

@online{CAMELSite,
title = "CAMEL",
url  = "http://camel-dsl.org/"
}

@article{@ServerlessCamel,
author={K. Kritikos and P. Skrzypek and A. Moga and O. Matei},
journal={2019 IEEE 12th International Conference on Cloud Computing (CLOUD)},
title={Towards the Modelling of Hybrid Cloud Applications},
year={2019}}

@article{ServerlessMultiCloud,
author={Kritikos, K. and Skrzypek, P.},
title={Towards an Optimized, Cloud-Agnostic Deployment of Hybrid Applications},
journal={Lecture Notes in Business Information Processing},
year={2019}}

@online{Xtext,
title = "Xtext",
url  = "https://www.eclipse.org/Xtext/"
}

@online{AmazonSite,
title = "Amazon Web Services (AWS)",
url  = "https://aws.amazon.com/"
}

@online{LambdaSite,
title = "AWS Lambda - Amazon Web Services",
url  = "https://aws.amazon.com/it/lambda/"
}

@online{LambdaConfiguration,
title = "Configuration functions in the AWS Lambda Console",
url  = "https://docs.aws.amazon.com/lambda/latest/dg/configuration-console.html"
}

@online{SQS,
title = "Amazon Simple Queue Service - Amazon Web Services",
url  = "https://aws.amazon.com/it/sqs/"
}

@online{IAM,
title = "AWS Identity and Access Management - Amazon Web Services",
url  = "https://aws.amazon.com/it/iam/"
}

@online{S3,
title = "Amazon Simple Storage Service - Amazon Web Services",
url  = "https://aws.amazon.com/it/s3/"
}

@online{AwsJavaSDK,
title = "SDK AWS per Java - Amazon Web Services",
url  = "https://aws.amazon.com/it/sdk-for-java/"
}

@online{awsCLI,
title = "AWS Command Line Interface - Amazon Web Services",
url  = "https://aws.amazon.com/it/cli/"
}

@online{awsSDK,
title = "AWS SDK - Amazon Web Services",
url  = "https://aws.amazon.com/it/tools/"
}


@online{MicrosoftSite,
title = "Microsoft Azure",
url  = "https://azure.microsoft.com/"
}

@online{FunctionSite,
title = "Azure Functions | Microsoft Azure",
url  = "https://azure.microsoft.com/it-it/services/functions/"
}

@online{PythonSite,
title = "Python",
url  = "https://www.python.org/"
}

@online{JavaScriptSite,
title = "JavaScript",
url  = "https://developer.mozilla.org/it/docs/Web/JavaScript"
}

@online{MavenSite,
title = "Maven",
url  = "https://maven.apache.org/"
}

@online{MavenPom,
title = "Maven - POM Reference",
url  = "https://maven.apache.org/pom.html"
}

@online{npm,
title = "npmjs",
url  = "https://www.npmjs.com/"
}

@online{pip,
title = "The Python Package Installer",
url  = "https://pip.pypa.io/en/stable/"
}

@online{azureAD,
title = "Azure Active Directory | Microsoft Azure",
url  = "https://azure.microsoft.com/it-it/services/active-directory/"
}

@online{azureFunction,
title = "Azure Function | Microsoft Azure",
url  = "https://docs.microsoft.com/it-it/azure/azure-functions/"
}

@online{azureCLI,
title = "Azure Command Line Interface | Microsoft Azure",
url  = "https://docs.microsoft.com/it-it/cli/azure/?view=azure-cli-latest"
}

@online{LocalStack,
title = "LocalStack",
url  = "https://www.localstack.cloud"
}

@online{docker,
title = "Docker",
url  = "https://www.docker.com/"
}

@online{dockerCompose,
title = "Docker Compose",
url  = "https://docs.docker.com/compose/"
}


@online{visualStudio,
title = "Visual Studio - Ambiente di sviluppo integrato",
url  = "https://visualstudio.microsoft.com/"
}

@online{kinesalite,
title = "Kinesalite",
url  = "https://github.com/mhart/dynalite"
}

@online{dynalite,
title = "Dynalite",
url  = "https://github.com/mhart/kinesalite"
}

@online{moto,
title = "Moto: Mock AWS Services",
url  = "http://docs.getmoto.org/en/latest/"
}

@online{dockerNetwork,
title = "Use bridge network - Docker",
url  = "https://docs.docker.com/network/bridge/"
}

@online{tablesaw,
title = "Tablesaw | Java dataframe and visualization library",
url  = "https://jtablesaw.github.io/tablesaw/"
}

@online{dataframejs,
title = "dataframe-js",
url  = "https://gmousse.gitbooks.io/dataframe-js/"
}

@misc{forrester,
author={Noel Yuhanna with Gene Leganza and Jeremy Vale},
title={The Forrester Wave: Database-As-A-Service, Q2 2019},
year={2019}}

@online{jdbc,
title = "JDBC | MySQL Connector",
url  = "https://www.mysql.com/it/products/connector/"
}

@online{regex,
title = "Regular-Expression",
url  = "https://www.regular-expressions.info/"
}

@online{mysqlnpm,
title = "mysql - npm",
url  = "https://www.npmjs.com/package/mysql"
}

@online{util,
title = "util - npm",
url  = "https://www.npmjs.com/package/util"
}

@online{pymysql,
title = "PyMySQL",
url  = "https://pymysql.readthedocs.io/en/latest/"
}

@online{RDS,
title = "Amazon RDS - Amazon Web Services",
url  = "https://aws.amazon.com/it/rds/"
}

@online{AwsJsSDK,
title = "SDK AWS per JavaScript - Amazon Web Services",
url  = "https://aws.amazon.com/it/sdk-for-node-js/"
}

@online{AwsPySDK,
title = "Boto3 SDK AWS per Python - Amazon Web Services",
url  = "https://aws.amazon.com/it/sdk-for-python/"
}

@online{AzureDB,
title = "Database di Azure | Microsoft Azure",
url  = "https://azure.microsoft.com/it-it/product-categories/databases/"
}

@online{AzureMySQL,
title = "Database MySQL | Microsoft Azure",
url  = "https://azure.microsoft.com/it-it/services/mysql/"
}

@online{AwsDb,
title = "Database in AWS - Amazon Web Services",
url  = "https://aws.amazon.com/it/products/databases/"
}

@online{Cosmos,
title = "Azure Cosmos DB | Microsoft Azure",
url  = "https://azure.microsoft.com/it-it/services/cosmos-db/"
}

@online{qs,
title = "qs - npm",
url  = "https://www.npmjs.com/package/qs"
}

@online{axios,
title = "axios - npm",
url  = "https://www.npmjs.com/package/axios"
}

@thesis{Grieco,
author={G. Grieco},
schoold={Università degli Studi di Salerno},
title={Progettazione e implementazione del supporto a Microsoft Azure per il compilatore del linguaggio FLY},
year={2019}}

@online{mysql,
title = "MySQL",
url  = "https://www.mysql.com/it/"
}
